<record xmlns="http://www.loc.gov/MARC21/slim" xmlns:xsi="http://www.w3.org/2001/XMLSchema-instance" xsi:schemaLocation="http://www.loc.gov/MARC21/slim http://www.loc.gov/standards/marcxml/schema/MARC21slim.xsd">

  <leader>00654nam a22001817a 4500</leader>
  <datafield tag="999" ind1=" " ind2=" ">
    <subfield code="c">3501</subfield>
    <subfield code="d">3501</subfield>
  </datafield>
  <controlfield tag="008">180615b2017    sp a|||| |||| 00| | spa d</controlfield>
  <datafield ind1=" " tag="020" ind2=" ">
    <subfield code="a">9788467597073</subfield>
  </datafield>
  <datafield tag="090" ind1=" " ind2=" ">
    <subfield code="a">06.01.01</subfield>
    <subfield code="b">2463</subfield>
  </datafield>
  <datafield tag="100" ind1=" " ind2=" ">
    <subfield code="9">3766</subfield>
    <subfield code="a">Giráldez Hayes, Andrea</subfield>
  </datafield>
  <datafield ind1="1" tag="245" ind2="0">
    <subfield code="a">Habilidades para la vida: aprender a ser y aprender a convivir en la escuela /</subfield>
    <subfield code="c">Andrea Giráldez Hayes y Emma-Sue Prince</subfield>
  </datafield>
  <datafield ind2=" " tag="260" ind1=" ">
    <subfield code="a">España :</subfield>
    <subfield code="b">Ediciones SM,</subfield>
    <subfield code="c">2017</subfield>
  </datafield>
  <datafield ind2=" " ind1=" " tag="300">
    <subfield code="a">160 páginas;</subfield>
    <subfield code="b">ilustraciones</subfield>
  </datafield>
  <datafield tag="490" ind1=" " ind2=" ">
    <subfield code="a">Biblioteca Innovación Educativa</subfield>
  </datafield>
  <datafield ind1="1" tag="650" ind2="0">
    <subfield code="a">EDUCACIÓN EN VALORES</subfield>
    <subfield code="9">719</subfield>
  </datafield>
  <datafield ind2="4" ind1="1" tag="650">
    <subfield code="9">3767</subfield>
    <subfield code="a">RESPONSABILIDAD (EDUCACIÓN)</subfield>
  </datafield>
  <datafield ind2="4" tag="650" ind1="1">
    <subfield code="9">644</subfield>
    <subfield code="a">DESARROLLO DE HABILIDADES</subfield>
  </datafield>
  <datafield tag="942" ind1=" " ind2=" ">
    <subfield code="2">z</subfield>
    <subfield code="c">01</subfield>
  </datafield>
</record>